@article{Norman2023,
    title = {{Understanding the temporal dynamics of a lowland river fish community at a hazardous intake and floodgate to inform safe operation}},
    year = {2023},
    journal = {Journal of Environmental Management},
    author = {Norman, Josh and Wright, Rosalind M. and Don, Andrew and Bolland, Jonathan D.},
    month = {6},
    pages = {117716},
    volume = {336},
    doi = {10.1016/j.jenvman.2023.117716},
    issn = {03014797}
}

@techreport{Stevens2011,
    title = {{Wetenschappelijke ondersteuning van de uitvoering van het palingbeheerplan: Inventarisatie pompgemalen en inventarisatie van de technische karakteristieken en waterbeheersaspecten van prioritaire zout-zoetovergangen.}},
    year = {2011},
    author = {Stevens, Maarten and Buysse, David and Van Den Neucker, Tom and Gelaude, Emilie and Baeyens, Raf and Jacobs, Yves and Mouton, Ans and Coeck, Johan and Van Vessem, Janine},
    url = {www.inbo.be},
    institution = {INBO}
}

@article{Hou2018AFish,
    title = {{A hydropower biological evaluation toolset (HBET) for characterizing hydraulic conditions and impacts of hydro-structures on fish}},
    year = {2018},
    journal = {Energies},
    author = {Hou, Hongfei and Deng, Zhiqun Daniel and Martinez, Jayson J. and Fu, Tao and Duncan, Joanne P. and Johnson, Gary E. and Lu, Jun and Skalski, John R. and Townsend, Richard L. and Tan, Li},
    number = {4},
    month = {4},
    volume = {11},
    publisher = {MDPI AG},
    doi = {10.3390/en11040990},
    issn = {19961073},
    keywords = {Fish friendly turbine, Fish injury, Hydroelectric turbine, Sustainable hydropower}
}

@article{Zhu2022APumps,
    title = {{A Systematic Investigation on the Damage Characteristics of Fish in Axial Flow Pumps}},
    year = {2022},
    journal = {Processes},
    author = {Zhu, Lufeng and Zhang, Fan and Shi, Xiaotao and Adu-Poku, Kofi Asamoah and Zhang, Jinfeng and Yuan, Shouqi},
    number = {11},
    month = {11},
    volume = {10},
    publisher = {MDPI},
    doi = {10.3390/pr10112228},
    issn = {22279717},
    keywords = {axial flow pump, damage, fish, internal flow}
}

@article{AanvraagBeheer,
    title = {{Aanvraag EC INBO 10 Evaluatie visveilige pomp - INBO - Aquatisch Beheer}}
}

@techreport{deIrala1997Abnormally1,
    title = {{Abnormally wide confidence intervals in logistic regression: interpretation of statistical program results 1}},
    year = {1997},
    booktitle = {Rev Panam Salud Publica/Pan Am J Public Health},
    author = {de Irala, Jokin and Fernandez-Crehuet Navajas, Rafael and Serrano del Castillo, Amparo},
    number = {4},
    volume = {2}
}

@article{Willner2018AdaptationLevels,
    title = {{Adaptation required to preserve future high-end river flood risk at present levels}},
    year = {2018},
    journal = {Sciences Advances},
    author = {Willner, Sven N and Levermann, Anders and Zhao, Fang and Frieler, Katja},
    url = {https://www.science.org}
}

@article{Pavlov2003AdaptationalPressure,
    title = {{Adaptational Ability of Salmonids, Cyprinids, and Percids to Changes in Hydrostatic Pressure}},
    year = {2003},
    journal = {Journal of Ichthyology},
    author = {Pavlov, Dmitrii and Kirillov, Pavel I},
    pages = {237--242},
    volume = {43},
    url = {https://www.researchgate.net/publication/275018368}
}

@article{Pflugrath2019AmericanPassage,
    title = {{American eel state of buoyancy and barotrauma susceptibility associated with hydroturbine passage}},
    year = {2019},
    journal = {Knowledge and Management of Aquatic Ecosystems},
    author = {Pflugrath, Brett D. and Harnish, Ryan and Rhode, Briana and Beirao, Bernardo and Engbrecht, Kristin and Stephenson, John R. and Colotelo, Alison H.},
    number = {420},
    publisher = {EDP Sciences},
    doi = {10.1051/kmae/2019012},
    issn = {19619502},
    keywords = {Downstream fish passage, Hydropower, Hyperbaric, Hypobaric, Rapid decompression, Swim bladder}
}

@techreport{Bevelhimer2017ANSTRIKE,
    title = {{AN OVERVIEW OF EXPERIMENTAL EFFORTS TO UNDERSTAND THE MECHANISMS OF FISH INJURY AND MORTALITY CAUSED BY HYDROPOWER TURBINE BLADE STRIKE}},
    year = {2017},
    author = {Bevelhimer, M S and Pracheil, B M and Fortner, A M and Deck, K L},
    url = {http://www.osti.gov/scitech/}
}

@incollection{Marieme2017AssessmentBasin,
    title = {{Assessment of Global Change Impacts on Groundwater Resources in Souss-Massa Basin}},
    year = {2017},
    booktitle = {Water Resources in Arid Areas: The Way Forward},
    author = {Marieme, Seif-Ennasr and Abdelaziz, Hirich and El Morjani, Zine El Abidine and Redouane, Choukr-Allah and Rashyd, Zaaboul and Abdessadek, Nrhira and Mouna, Malki and Lhoussaine, Bouchaou and Elhassane, Beraaouz},
    pages = {115--140},
    publisher = {Springer},
    doi = {10.1007/978-3-319-51856-5{\_}8}
}

@techreport{Haro2000BehaviorFacility,
    title = {{Behavior and passage of silver-phase American eels, Anguilla rostrata (LeSueur), at a small hydroelectric facility}},
    year = {2000},
    author = {Haro, Alex and Castro-Santos, Ted and Boub{\'{e}}e, Jacques},
    pages = {33--42},
    volume = {12},
    keywords = {Anguilla, behavioi dam, fish passage, telemetry}
}

@techreport{Durif2002BehavioralPlant,
    title = {{Behavioral Study of Downstream Migrating Eels by Radio-telemetry at a Small Hydroelectric Power Plant}},
    year = {2002},
    author = {Durif, Caroline and Elie, Pierre and Gosset, Claude and Rives, Jacques and Travade, François}
}

@techreport{EuropeanCommission2021BiodiversityRestoration,
    title = {{Biodiversity Strategy 2030 Barrier Removal for River Restoration}},
    year = {2021},
    author = {{European Commission}},
    url = {http://www.europa.eu},
    institution = {EU},
    address = {Brussels}
}

@book{Breiman2017ClassificationTrees,
    title = {{Classification And Regression Trees}},
    year = {2017},
    author = {Breiman, Leo and Friedman, Jerome H. and Olshen, Richard A. and Stone, Charles J.},
    month = {10},
    publisher = {Routledge},
    isbn = {9781315139470},
    doi = {10.1201/9781315139470}
}

@techreport{Lara2008Comparing,
    title = {{Comparing Time Series through Event Clustering *}},
    year = {2008},
    booktitle = {ASC},
    author = {Lara, Juan A and P{\'{e}}rez, Aurora and Valente, Juan P and L{\'{o}}pez-Illescas, África},
    pages = {1--9},
    volume = {49},
    keywords = {Data Mining, Event, Posturography, Stabilometry, Time Series}
}

@techreport{Cada1997DevelopmentTurbines,
    title = {{Development of biological criteria for the design of advanced hydropower turbines}},
    year = {1997},
    author = {Cada, Glenn and Coutant, Charles and Whitney, Richard},
    month = {3},
    institution = {EERE Publication and Product Library},
    doi = {10.2172/1218126}
}

@techreport{Cada1997DevelopmentTurbinesb,
    title = {{Development of biological criteria for the design of advanced hydropower turbines}},
    year = {1997},
    author = {Cada, Glenn and Coutant, Charles and Whitney, Richard},
    month = {3},
    institution = {EERE Publication and Product Library},
    doi = {10.2172/1218126}
}

@article{Bolland2019DirectEel,
    title = {{Direct and indirect impacts of pumping station operation on downstream migration of critically endangered European eel}},
    year = {2019},
    journal = {Fisheries Management and Ecology},
    author = {Bolland, Jonathan D. and Murphy, Leona A. and Stanford, Robert J. and Angelopoulos, Natalie V. and Baker, Nicola J. and Wright, Rosalind M. and Reeds, Jake D. and Cowx, Ian G.},
    number = {1},
    month = {2},
    pages = {76--85},
    volume = {26},
    publisher = {Blackwell Publishing Ltd},
    doi = {10.1111/fme.12312},
    issn = {13652400},
    keywords = {acoustic telemetry, catadromous, downstream migration, entrainment, fish passage, multi-beam sonar (ARIS)}
}

@article{Achenbach1968Distributionsup6/sup,
    title = {{Distribution of local pressure and skin friction around a circular cylinder in cross-flow up to <i>Re</i> = 5 × 10 <sup>6</sup>}},
    year = {1968},
    journal = {Journal of Fluid Mechanics},
    author = {Achenbach, E.},
    number = {4},
    month = {12},
    pages = {625--639},
    volume = {34},
    doi = {10.1017/S0022112068002120},
    issn = {0022-1120}
}

@article{Achenbach1968DistributionRe=1000000,
    title = {{Distribution of local pressure and skin friction around a circular cylinder in cross-flow up to Re=1000000}},
    year = {1968},
    journal = {Journal of Fluid Mechanics},
    author = {Achenbach, E.},
    number = {4},
    month = {12},
    pages = {625--639},
    volume = {34},
    doi = {10.1017/S0022112068002120},
    issn = {0022-1120}
}

@techreport{Boys2014DownstreamBasin,
    title = {{Downstream fish passage criteria for hydropower and irrigation infrastructure in the Murray-Darling Basin}},
    year = {2014},
    author = {Boys, Craig A},
    url = {https://www.researchgate.net/publication/268078954},
    institution = {NSW Department of Primary Industries}
}

@article{Baumgartner2009EffectsFish,
    title = {{Effects of irrigation pumps on riverine fish}},
    year = {2009},
    journal = {Fisheries Management and Ecology},
    author = {Baumgartner, L. J. and Reynoldson, N. K. and Cameron, L. and Stanger, J.},
    number = {6},
    month = {12},
    pages = {429--437},
    volume = {16},
    doi = {10.1111/j.1365-2400.2009.00693.x},
    issn = {0969997X},
    keywords = {Injury, Irrigation, Mortality, Namoi river, Pump}
}

@article{Yang2022EffectsPump,
    title = {{Effects of operating condition on fish behavior and fish injury in an axial pump}},
    year = {2022},
    journal = {Science China Technological Sciences},
    author = {Yang, Dan Dan and Zhao, Ming Xiang and Shen, Lian and Luo, Xian Wu},
    number = {1},
    month = {1},
    pages = {157--168},
    volume = {65},
    publisher = {Science Press},
    doi = {10.1007/s11431-021-1905-6},
    issn = {18691900},
    keywords = {axial pump, fish behavior, fish injury, fluid-structure interaction (FSI), immersed boundary (IB) method}
}

@article{Yang2022EffectsPumpb,
    title = {{Effects of operating condition on fish behavior and fish injury in an axial pump}},
    year = {2022},
    journal = {Science China Technological Sciences},
    author = {Yang, Dan Dan and Zhao, Ming Xiang and Shen, Lian and Luo, Xian Wu},
    number = {1},
    month = {1},
    pages = {157--168},
    volume = {65},
    publisher = {Science Press},
    doi = {10.1007/s11431-021-1905-6},
    issn = {18691900},
    keywords = {axial pump, fish behavior, fish injury, fluid-structure interaction (FSI), immersed boundary (IB) method}
}

@inproceedings{Arnekleiv2007EffortsSpillway,
    title = {{Efforts to aid downstream migrating brown trout (Salmo trutta L.) kelts and smolts passing a hydroelectric dam and a spillway}},
    year = {2007},
    booktitle = {Hydrobiologia},
    author = {Arnekleiv, Jo Vegar and Kraab{\o}l, Morten and Museth, Jon},
    number = {1},
    month = {5},
    pages = {5--15},
    volume = {582},
    doi = {10.1007/s10750-006-0547-8},
    issn = {00188158},
    keywords = {Brown trout, Downstream migration, Kelts, Regulated river, Spillway, Water release}
}

@article{Reid2019EmergingBiodiversity,
    title = {{Emerging threats and persistent conservation challenges for freshwater biodiversity}},
    year = {2019},
    journal = {Biological Reviews},
    author = {Reid, Andrea J. and Carlson, Andrew K. and Creed, Irena F. and Eliason, Erika J. and Gell, Peter A. and Johnson, Pieter T.J. and Kidd, Karen A. and MacCormack, Tyson J. and Olden, Julian D. and Ormerod, Steve J. and Smol, John P. and Taylor, William W. and Tockner, Klement and Vermaire, Jesse C. and Dudgeon, David and Cooke, Steven J.},
    number = {3},
    month = {6},
    pages = {849--873},
    volume = {94},
    publisher = {Blackwell Publishing Ltd},
    doi = {10.1111/brv.12480},
    issn = {1469185X},
    pmid = {30467930},
    keywords = {climate change, endangered species, lakes, management, mitigation, restoration, rivers, streams, stressors, wetlands}
}

@article{Ergashev2023EnvironmentalChange,
    title = {{Environmental aspects of operation of irrigation pumping stations in the context of climate change}},
    year = {2023},
    journal = {E3S Web of Conferences},
    author = {Ergashev, Rustam and Rashidov, Jaloliddin and Saparov, Berdibay and Meliyev, Bakhtiyor and Kholbutaev, Boybek and Ergasheva, Gulchexra},
    editor = {Ter-Martirosyan, A. and Bazarov, D.},
    month = {8},
    pages = {05007},
    volume = {410},
    url = {https://www.e3s-conferences.org/10.1051/e3sconf/202341005007},
    doi = {10.1051/e3sconf/202341005007},
    issn = {2267-1242}
}

@techreport{Buysse2019EvaluatieVinderhoute,
    title = {{Evaluatie van de visveiligheid van een pompgemaal met twee verschillende types axiaalpompen. Het Duivelsputgemaal op de Oude Kale in Vinderhoute}},
    year = {2019},
    author = {Buysse, David and De Maerteleire, Nico and Pieters, Sebastien and Gelaude, Emilie and Van Damme, Lore and Baeyens, Raf and Van Wichelen, Jeroen and Robberechts, Karen and Pauwels, Ine and Coeck mmv Jeffrey Andrew Tuhtan, Johan and Toming, Gert},
    url = {www.inbo.be},
    institution = {Research Institute for Forest and Nature}
}

@article{Deng2007EvaluationTurbines,
    title = {{Evaluation of blade-strike models for estimating the biological performance of Kaplan turbines}},
    year = {2007},
    journal = {Ecological Modelling},
    author = {Deng, Zhiqun and Carlson, Thomas J. and Ploskey, Gene R. and Richmond, Marshall C. and Dauble, Dennis D.},
    number = {2-4},
    month = {11},
    pages = {165--176},
    volume = {208},
    doi = {10.1016/j.ecolmodel.2007.05.019},
    issn = {03043800},
    keywords = {Bio-index testing, Blade-strike modeling, Fish injury, Fish-friendly turbine}
}

@article{Mueller2017EvaluationProtocol,
    title = {{Evaluation of external fish injury caused by hydropower plants based on a novel field-based protocol}},
    year = {2017},
    journal = {Fisheries Management and Ecology},
    author = {Mueller, M. and Pander, J. and Geist, J.},
    number = {3},
    month = {6},
    pages = {240--255},
    volume = {24},
    publisher = {Blackwell Publishing Ltd},
    doi = {10.1111/fme.12229},
    issn = {13652400},
    keywords = {animal welfare, fish conservation, fish mortality, fish passage, hydropower monitoring}
}

@article{Li2020EvidentChange,
    title = {{Evident response of future hydropower generation to climate change}},
    year = {2020},
    journal = {Journal of Hydrology},
    author = {Li, Jun and Wang, Zhaoli and Wu, Xushu and Ming, Bo and Chen, Lu and Chen, Xiaohong},
    month = {11},
    volume = {590},
    publisher = {Elsevier B.V.},
    doi = {10.1016/j.jhydrol.2020.125385},
    issn = {00221694},
    keywords = {China, Climate change, Coupled model, Hydropower generation, Pearl River basin, Sustainability}
}

@article{Pan2022FishApproach,
    title = {{Fish damage assessment during the passage through traditional and fish-friendly axial-flow pumps with Lagrangian tracking approach}},
    year = {2022},
    journal = {Ocean Engineering},
    author = {Pan, Qiang and Zhang, Desheng and Shi, Weidong and van Esch, B. P.M.},
    month = {6},
    volume = {253},
    publisher = {Elsevier Ltd},
    doi = {10.1016/j.oceaneng.2022.111188},
    issn = {00298018},
    keywords = {Axial-flow pump, Blade strike model, Computational fluid dynamics, Fish-friendliness, Lagrangian tracking}
}

@article{Bierschenk2019FishPumps,
    title = {{Fish injury and mortality at pumping stations: A comparison of conventional and fish-friendly pumps}},
    year = {2019},
    journal = {Marine and Freshwater Research},
    author = {Bierschenk, B. M. and Pander, J. and Mueller, M. and Geist, J.},
    number = {3},
    pages = {449--458},
    volume = {70},
    publisher = {CSIRO},
    doi = {10.1071/MF18116},
    issn = {13231650},
    keywords = {Halberg pump, Pentair pump, Thyssen pump, dyke, fish conservation, fish damage, fish population decline, flood protection, screening}
}

@article{VanEsch2012FishStations,
    title = {{Fish injury and mortality during passage through pumping stations}},
    year = {2012},
    journal = {Journal of Fluids Engineering, Transactions of the ASME},
    author = {Van Esch, B. P.M.},
    number = {7},
    volume = {134},
    doi = {10.1115/1.4006808},
    issn = {00982202},
    keywords = {centrifugal pumps, computational fluid dynamics (CFD), fish}
}

@misc{Cox2023FishReview,
    title = {{Fish Injury from Movements across Hydraulic Structures: A Review}},
    year = {2023},
    booktitle = {Water (Switzerland)},
    author = {Cox, Reilly X. and Kingsford, Richard T. and Suthers, Iain and Felder, Stefan},
    number = {10},
    month = {5},
    volume = {15},
    publisher = {MDPI},
    doi = {10.3390/w15101888},
    issn = {20734441},
    keywords = {Tube Fishway, energy dissipator, energy dissipators, fish passage, fishways, hydraulic systems, hydropower systems, multidisciplinary research, pipe flows, spillways}
}

@article{Pan2020Fish-friendlyModel,
    title = {{Fish-friendly design of an axial flow pump impeller based on a blade strike model}},
    year = {2020},
    journal = {Proceedings of the Institution of Mechanical Engineers, Part A: Journal of Power and Energy},
    author = {Pan, Qiang and Shi, Weidong and Zhang, Desheng and Esch, BPM van and Zhao, Ruijie},
    number = {2},
    month = {3},
    pages = {173--186},
    volume = {234},
    doi = {10.1177/0957650919849768},
    issn = {0957-6509}
}

@misc{Arnold2009Fish-friendlyDK2295808T3,
    title = {{Fish-friendly pump or turbine: DK2295808T3}},
    year = {2009},
    author = {Arnold, Jacob},
    publisher = {},
    url = {https://patents.google.com/patent/DK2295808T3/en?assignee=Nijhuis+Pompen+BV},
    institution = {Nijhuis pompen nv},
    doi = {https://patents.google.com/patent/DK2295808T3/en?assignee=Nijhuis+Pompen+BV}
}

@article{Dudgeon2006FreshwaterChallenges,
    title = {{Freshwater biodiversity: importance, threats, status and conservation challenges}},
    year = {2006},
    journal = {Biological Reviews},
    author = {Dudgeon, David and Arthington, Angela H. and Gessner, Mark O. and Kawabata, Zen-Ichiro and Knowler, Duncan J. and Leveque, Christian and Naiman, Robert J. and Prieur-Richard, Anne-Hélène and Soto, Doris and Stiassny, Melanie L. J. and Sullivan, Caroline A.},
    number = {02},
    month = {5},
    pages = {163},
    volume = {81},
    doi = {10.1017/S1464793105006950},
    issn = {1464-7931}
}

@techreport{Krakers2015FULL-SCALEPUMPS,
    title = {{FULL-SCALE VALIDATION OF A COMPREHENSIVE CRITERION TO PREDICT FISH-FRIENDLINESS OF PUMPS}},
    year = {2015},
    author = {Krakers, L A and Kruyt, N P and Rutjes, H A},
    url = {http://www.asme.org/about-asme/terms-of-use}
}

@techreport{GEMALENWORDEN,
    title = {{GEMALEN OF VERMALEN WORDEN}},
    url = {www.stowa.nl}
}

@article{Geurts-pkdd2001,
    title = {{geurts-pkdd2001}}
}

@techreport{ZucchiniHidden2016,
    title = {{Hidden Markov Models for Time Series: An Introduction Using R Second edition Draft of April 5, 2016}},
    author = {Zucchini, Walter and Macdonald, Iain L and Langrock, Roland}
}

@article{Pekel2016High-resolutionChanges,
    title = {{High-resolution mapping of global surface water and its long-term changes}},
    year = {2016},
    journal = {Nature},
    author = {Pekel, Jean-François and Cottam, Andrew and Gorelick, Noel and Belward, Alan S.},
    number = {7633},
    month = {12},
    pages = {418--422},
    volume = {540},
    doi = {10.1038/nature20584},
    issn = {0028-0836}
}

@article{Xu2020ImpactPump,
    title = {{Impact of pressure gradients on fish scales in a jet fish pump}},
    year = {2020},
    journal = {Biosystems Engineering},
    author = {Xu, Maosen and Long, Xinping and Mou, Jiegang and Wu, Denghao and Zhou, Peijian and Gu, Yunqing},
    month = {3},
    pages = {27--34},
    volume = {191},
    publisher = {Academic Press},
    doi = {10.1016/j.biosystemseng.2019.12.014},
    issn = {15375110},
    keywords = {Aquaculture, Fish scale, Jet fish pump, Pressure gradient}
}

@article{Amaral2020ImprovingEdges,
    title = {{Improving survival: injury and mortality of fish struck by blades with slanted, blunt leading edges}},
    year = {2020},
    journal = {Journal of Ecohydraulics},
    author = {Amaral, Stephen V. and Watson, Sterling M. and Schneider, Abraham D. and Rackovan, Jenna and Baumgartner, Andrew},
    number = {2},
    month = {7},
    pages = {175--183},
    volume = {5},
    publisher = {Informa UK Limited},
    doi = {10.1080/24705357.2020.1768166},
    issn = {2470-5357}
}

@techreport{Koed2002InitialStation,
    title = {{Initial mortality of radio-tagged Atlantic salmon (Salmo salar L.) smolts following release downstream of a hydropower station}},
    year = {2002},
    booktitle = {Hydrobiologia},
    author = {Koed, A and Jepsen, N and Aarestrup, K and Nielsen, & C},
    pages = {31--37},
    volume = {483},
    keywords = {Ardea cinerea, Esox lucius, Stizostedion lucioperca, predation, smolt, telemetry}
}

@misc{Noble2012InjuriesWelfare,
    title = {{Injuries and deformities in fish: Their potential impacts upon aquacultural production and welfare}},
    year = {2012},
    booktitle = {Fish Physiology and Biochemistry},
    author = {Noble, Chris and Jones, Hernán A.Cañon and Damsg{\aa}rd, Børge and Flood, Matthew J. and Midling, Kjell O. and Roque, Ana and S{\ae}ther, Bjørn Steinar and Cottee, Stephanie Yue},
    number = {1},
    month = {2},
    pages = {61--83},
    volume = {38},
    doi = {10.1007/s10695-011-9557-1},
    issn = {09201742},
    pmid = {21918861},
    keywords = {Aquaculture, Deformities, Fish welfare, Injuries, Production}
}

@techreport{Neitzel2000LaboratoryFish,
    title = {{Laboratory Studies on the Effects of Shear on Fish}},
    year = {2000},
    author = {Neitzel, Duane A. and Richmond, Marshall C. and Dauble, Dennis D. and Mueller, Robert P. and Moursund, Russell A. and Abernethy, Cary S. and Guensch, Greg R.},
    month = {9},
    institution = {Pacific Northwest National Laboratory (PNNL)},
    address = {Richland, WA},
    doi = {10.2172/939056}
}

@techreport{Neitzel2000LaboratoryFishb,
    title = {{Laboratory Studies on the Effects of Shear on Fish}},
    year = {2000},
    author = {Neitzel, Duane A. and Richmond, Marshall C. and Dauble, Dennis D. and Mueller, Robert P. and Moursund, Russell A. and Abernethy, Cary S. and Guensch, Greg R.},
    month = {9},
    institution = {Pacific Northwest National Laboratory (PNNL)},
    address = {Richland, WA},
    doi = {10.2172/939056}
}

@article{Pedersen2012LossStation,
    title = {{Loss of European silver eel passing a hydropower station}},
    year = {2012},
    journal = {Journal of Applied Ichthyology},
    author = {Pedersen, M. I. and Jepsen, N. and Aarestrup, K. and Koed, A. and Pedersen, S. and {\O}kland, F.},
    number = {2},
    month = {4},
    pages = {189--193},
    volume = {28},
    doi = {10.1111/j.1439-0426.2011.01913.x},
    issn = {01758659}
}

@article{Choo2021MethodFlooding,
    title = {{Method for operating drainage pump stations considering downstream water level and reduction in urban river flooding}},
    year = {2021},
    journal = {Water (Switzerland)},
    author = {Choo, Yeon Moon and Kim, Jong Gu and Park, Shang Ho and Choo, Tai Ho and Choe, Yeon Woong},
    number = {19},
    month = {10},
    volume = {13},
    publisher = {MDPI},
    doi = {10.3390/w13192741},
    issn = {20734441},
    keywords = {Drainage pump station, Flood reduction, SWMM, Urban inundation}
}

@inproceedings{Carr2008MigrationZone,
    title = {{Migration of silver American eels past a hydroelectric dam and through a coastal zone}},
    year = {2008},
    booktitle = {Fisheries Management and Ecology},
    author = {Carr, Jonathan W. and Whoriskey, F. G.},
    number = {5-6},
    pages = {393--400},
    volume = {15},
    doi = {10.1111/j.1365-2400.2008.00627.x},
    issn = {0969997X},
    keywords = {Anguilla rostrata, Coastal zone, Freshwater impoundment, Migration, Silver eel, Telemetry}
}

@techreport{2019MonitoringAlbertkanaal,
    title = {{Monitoring van de effecten van de pompinstallatie en waterkrachtcentrale te Ham op het visbestand in het Albertkanaal}},
    year = {2019},
    url = {https://pureportal.inbo.be/portal/nl/publications/monitoring-van-de-effecten-van-de-pompinstallatie-en-waterkrachtcentrale-te-ham-op-het-visbestand-in-het-albertkanaal(1b27c17a-e773-4ee6-8c1b-37473b165543).html},
    doi = {10.21436/inbor.15830647}
}

@article{Belletti2020MoreRivers,
    title = {{More than one million barriers fragment Europe’s rivers}},
    year = {2020},
    journal = {Nature},
    author = {Belletti, Barbara and Garcia de Leaniz, Carlos and Jones, Joshua and Bizzi, Simone and B{\"{o}}rger, Luca and Segura, Gilles and Castelletti, Andrea and van de Bund, Wouter and Aarestrup, Kim and Barry, James and Belka, Kamila and Berkhuysen, Arjan and Birnie-Gauvin, Kim and Bussettini, Martina and Carolli, Mauro and Consuegra, Sofia and Dopico, Eduardo and Feierfeil, Tim and Fern{\'{a}}ndez, Sara and Fernandez Garrido, Pao and Garcia-Vazquez, Eva and Garrido, Sara and Giannico, Guillermo and Gough, Peter and Jepsen, Niels and Jones, Peter E. and Kemp, Paul and Kerr, Jim and King, James and {\L}api{\'{n}}ska, Małgorzata and L{\'{a}}zaro, Gloria and Lucas, Martyn C. and Marcello, Lucio and Martin, Patrick and McGinnity, Phillip and O’Hanley, Jesse and Olivo del Amo, Rosa and Parasiewicz, Piotr and Pusch, Martin and Rincon, Gonzalo and Rodriguez, Cesar and Royte, Joshua and Schneider, Claus Till and Tummers, Jeroen S. and Vallesi, Sergio and Vowles, Andrew and Verspoor, Eric and Wanningen, Herman and Wantzen, Karl M. and Wildman, Laura and Zalewski, Maciej},
    number = {7838},
    month = {12},
    pages = {436--441},
    volume = {588},
    publisher = {Nature Research},
    doi = {10.1038/s41586-020-3005-2},
    issn = {14764687},
    pmid = {33328667}
}

@article{Thompson2011MortalityPump,
    title = {{Mortality in juvenile salmonids passed through an agricultural Hidrostal pump}},
    year = {2011},
    journal = {Fisheries Management and Ecology},
    author = {Thompson, A. M. and Glasgow, J. and Buehrens, T. and Drucker, E. G.},
    number = {4},
    month = {8},
    pages = {333--338},
    volume = {18},
    doi = {10.1111/j.1365-2400.2011.00789.x},
    issn = {0969997X},
    keywords = {Barriers, Drainage, Fish passage, Irrigation pump, Salmonid mortality}
}

@article{Buysse2014MortalityStations,
    title = {{Mortality of European eel after downstream migration through two types of pumping stations}},
    year = {2014},
    journal = {Fisheries Management and Ecology},
    author = {Buysse, D. and Mouton, A. M. and Stevens, M. and Van den Neucker, T. and Coeck, J.},
    number = {1},
    month = {2},
    pages = {13--21},
    volume = {21},
    doi = {10.1111/fme.12046},
    issn = {0969997X},
    keywords = {Anguilla anguilla, Barrier, Delayed mortality, Fish passage, Injury}
}

@article{Pauwels2020Multi-speciesBelgium,
    title = {{Multi-species assessment of injury, mortality, and physical conditions during downstream passage through a large archimedes hydrodynamic screw (Albert canal, Belgium)}},
    year = {2020},
    journal = {Sustainability (Switzerland)},
    author = {Pauwels, Ine S. and Baeyens, Raf and Toming, Gert and Schneider, Matthias and Buysse, David and Coeck, Johan and Tuhtan, Jeffrey A.},
    number = {20},
    month = {10},
    pages = {1--25},
    volume = {12},
    publisher = {MDPI AG},
    doi = {10.3390/su12208722},
    issn = {20711050},
    keywords = {Archimedes screw, Barotrauma detection system, Fish injury and mortality, Turbine passage}
}

@techreport{vanBerkel2020NENPlants,
    title = {{NEN 8775: Fish safety of pumps, Archimedean screws and pressure turbines used in pumping stations and hydroelectric plants}},
    year = {2020},
    author = {van Berkel, J},
    institution = {Koninklijk Nederlands Normalisatie-instituut}
}

@techreport{Nichols2001NonparametricExamples,
    title = {{Nonparametric Permutation Tests For Functional Neuroimaging: A Primer with Examples}},
    year = {2001},
    author = {Nichols, Thomas E and Holmes, Andrew P},
    keywords = {SPM, general linear model, hypothesis test, multiple comparisons, nonparametric, permutation test, randomization test, statistic image}
}

@techreport{BuysseOnderzoekRieme,
    title = {{Onderzoek naar de verwondingen bij vissen veroorzaakt door een gemaal met schroefpompen. Spiedamgemaal (Rieme)}},
    author = {Buysse, David and Stevens, Maarten and Mouton, Ans and Gelaude, Emilie and Baeyens, Raf and Martens, Seth and Jacobs, Yves and Coeck, Johan},
    url = {www.inbo.be}
}

@techreport{Vriese2009OnderzoekBuisvijzel,
    title = {{Onderzoek naar de visveilige axiaalpomp en buisvijzel}},
    year = {2009},
    author = {Vriese, F.T.},
    url = {http://www.VisAdvies.nl},
    institution = {VisAdvies BV},
    address = {Nieuwegein}
}

@article{Gungor-Demirci2020OptimizingQuality,
    title = {{Optimizing pump operations in water distribution systems: energy cost, greenhouse gas emissions and water quality}},
    year = {2020},
    journal = {Water and Environment Journal},
    author = {G{\"{u}}ng{\"{o}}r-Demirci, Gamze and Lee, Juneseok and Keck, Jonathan},
    number = {S1},
    month = {12},
    pages = {841--848},
    volume = {34},
    publisher = {Blackwell Publishing Ltd},
    doi = {10.1111/wej.12583},
    issn = {17476593},
    keywords = {GHG emissions, energy, energy and water quality management systems (EWQMS), optimization, water distribution system, water quality}
}

@article{McNabbPassageBluff,
    title = {{Passage of fish through Archimedes lifts and a hidrostal pump at Red Bluff}},
    author = {McNabb, C.D. and Liston, C.R. and Borthwick, S.M}
}

@article{Timmermans2022PolderUncertainty,
    title = {{Polder pumping-station for the future: designing and retrofitting infrastructure systems under structural uncertainty}},
    year = {2022},
    journal = {Sustainable and Resilient Infrastructure},
    author = {Timmermans, Jos and van Druten, Emiel and Wauben, Marcel and Kwakkel, Jan},
    number = {3},
    pages = {222--238},
    volume = {7},
    publisher = {Taylor and Francis Ltd.},
    doi = {10.1080/23789689.2020.1762402},
    issn = {23789697},
    keywords = {Climate adaptation, deep uncertainty, infrastructure, pumping station, robust decision making}
}

@article{OGorman2015PrecipitationChange,
    title = {{Precipitation Extremes Under Climate Change}},
    year = {2015},
    journal = {Current Climate Change Reports},
    author = {O’Gorman, Paul A.},
    number = {2},
    month = {6},
    pages = {49--59},
    volume = {1},
    doi = {10.1007/s40641-015-0009-3},
    issn = {2198-6061}
}

@article{Richmond2014QuantifyingPassage,
    title = {{Quantifying barotrauma risk to juvenile fish during hydro-turbine passage}},
    year = {2014},
    journal = {Fisheries Research},
    author = {Richmond, Marshall C. and Serkowski, John A. and Ebner, Laurie L. and Sick, Mirjam and Brown, Richard S. and Carlson, Thomas J.},
    pages = {152--164},
    volume = {154},
    publisher = {Elsevier},
    doi = {10.1016/j.fishres.2014.01.007},
    issn = {01657836},
    keywords = {Barotrauma, Computational fluid dynamics (CFD), Fish passage, Hydropower, Salmon, Turbine}
}

@article{Brown2012QuantifyingPassage,
    title = {{Quantifying mortal injury of juvenile Chinook salmon exposed to simulated hydro-turbine passage}},
    year = {2012},
    journal = {Transactions of the American Fisheries Society},
    author = {Brown, Richard S. and Carlson, Thomas J. and Gingerich, Andrew J. and Stephenson, John R. and Pflugrath, Brett D. and Welch, Abigail E. and Langeslay, Mike J. and Ahmann, Martin L. and Johnson, Robert L. and Skalski, John R. and Seaburg, Adam G. and Townsend, Richard L.},
    number = {1},
    pages = {147--157},
    volume = {141},
    doi = {10.1080/00028487.2011.650274},
    issn = {00028487}
}

@article{Saylor2019QuantifyingStrike,
    title = {{Quantifying mortality and injury susceptibility for two morphologically disparate fishes exposed to simulated turbine blade strike}},
    year = {2019},
    journal = {Hydrobiologia},
    author = {Saylor, Ryan and Fortner, Allison and Bevelhimer, Mark},
    number = {1},
    month = {10},
    pages = {55--75},
    volume = {842},
    publisher = {Springer International Publishing},
    doi = {10.1007/s10750-019-04026-x},
    issn = {15735117},
    keywords = {American eel, Bluegill sunfish, Entrainment, Hydropower, Passage trauma, Water pumping stations}
}

@misc{Ellabban2014RenewableTechnology,
    title = {{Renewable energy resources: Current status, future prospects and their enabling technology}},
    year = {2014},
    booktitle = {Renewable and Sustainable Energy Reviews},
    author = {Ellabban, Omar and Abu-Rub, Haitham and Blaabjerg, Frede},
    pages = {748--764},
    volume = {39},
    publisher = {Elsevier Ltd},
    doi = {10.1016/j.rser.2014.07.113},
    issn = {13640321},
    keywords = {Biomass energy, Geothermal energy, Hydropower energy, Marine energy, Smart grid, Solar energy, Wind energy}
}

@article{Kelley2003SampleSignificant,
    title = {{Sample Size for Multiple Regression: Obtaining Regression Coefficients That Are Accurate, Not Simply Significant}},
    year = {2003},
    journal = {Psychological Methods},
    author = {Kelley, Ken and Maxwell, Scott E.},
    number = {3},
    month = {9},
    pages = {305--321},
    volume = {8},
    doi = {10.1037/1082-989X.8.3.305},
    issn = {1082989X},
    pmid = {14596493}
}

@article{Werner2013SeawaterChallenges,
    title = {{Seawater intrusion processes, investigation and management: Recent advances and future challenges}},
    year = {2013},
    journal = {Advances in Water Resources},
    author = {Werner, Adrian D. and Bakker, Mark and Post, Vincent E.A. and Vandenbohede, Alexander and Lu, Chunhui and Ataie-Ashtiani, Behzad and Simmons, Craig T. and Barry, D.A.},
    month = {1},
    pages = {3--26},
    volume = {51},
    doi = {10.1016/j.advwatres.2012.03.004},
    issn = {03091708}
}

@techreport{KrakersSession2015,
    title = {{Session E9: Incorporating Fish Friendly Solutions in Existing Pumping Stations; An Economical Solution Enabling Fish Migration Incorporating fish friendly solutions in existing pumping stations; An economical solution enabling fish migration Fish Passage 2015}},
    author = {Krakers, Lars and Hengelo, Flowserve},
    url = {https://scholarworks.umass.edu/fishpassage_conference/2015/June24/26}
}

@article{Pataky2022SimultaneouslyMapping,
    title = {{Simultaneously assessing amplitude and temporal effects in biomechanical trajectories using nonlinear registration and statistical nonparametric mapping}},
    year = {2022},
    journal = {Journal of Biomechanics},
    author = {Pataky, Todd C. and Robinson, Mark A. and Vanrenterghem, Jos and Donnelly, Cyril J.W.},
    month = {5},
    volume = {136},
    publisher = {Elsevier Ltd},
    doi = {10.1016/j.jbiomech.2022.111049},
    issn = {18732380},
    pmid = {35430435},
    keywords = {Biomechanical trajectory analysis, Data processing, Statistical analysis, Temporal warping, Time normalization}
}

@article{Koukouvinis2023StateIndicators,
    title = {{State of the Art in Designing Fish-Friendly Turbines: Concepts and Performance Indicators}},
    year = {2023},
    journal = {Energies},
    author = {Koukouvinis, Phoevos (Foivos) and Anagnostopoulos, John},
    number = {6},
    month = {3},
    pages = {2661},
    volume = {16},
    publisher = {MDPI AG},
    doi = {10.3390/en16062661},
    issn = {19961073}
}

@article{Doyle2022SurvivalStressors,
    title = {{Survival estimates across five life stages of redfin (Perca fluviatilis) exposed to simulated pumped-storage hydropower stressors}},
    year = {2022},
    journal = {Conservation Physiology},
    author = {Doyle, Katherine E. and Ning, Nathan and Silva, Luiz G.M. and Brambilla, Eduardo M. and Deng, Z. Daniel and Fu, Tao and Boys, Craig and Robinson, Wayne and Du Preez, Jan A. and Baumgartner, Lee J.},
    number = {1},
    volume = {10},
    publisher = {Oxford University Press},
    doi = {10.1093/conphys/coac017},
    issn = {20511434},
    keywords = {Blade strike, European perch, fish passage, invasive species, pressurization, shear}
}

@article{Souchon2012SynthesisRivers,
    title = {{Synthesis of thermal tolerances of the common freshwater fish species in large Western Europe rivers}},
    year = {2012},
    journal = {Knowledge and Management of Aquatic Ecosystems},
    author = {Souchon, Y. and Tissot, L.},
    number = {405},
    doi = {10.1051/kmae/2012008},
    issn = {19619502},
    keywords = {climate warming, fish, temperature, thermal tolerance}
}

@techreport{LOWEalowe1999TemporalTemplates,
    title = {{Temporal Pattern Matching Using Fuzzy Templates}},
    year = {1999},
    booktitle = {Journal of Intelligent Information Systems},
    author = {LOWE alowe, Andrew and Jones, Richard W and HARRISON mikehar, Michael J},
    pages = {27--45},
    volume = {13},
    keywords = {anaesthesia, diagnosis, evidence, fuzzy templates, pattern matching}
}

@techreport{LagarrigueTestEels,
    title = {{Test for evaluating the injuries suffered by downstream-migrating eels in their transiting through the new spherical discharge ring VLH turbogenerator unit installed on the Moselle River in Frouard (54).-Tests of October 2010 on yellow and silver eels}},
    author = {Lagarrigue, T and Frey, A}
}

@article{PercieduSert2020TheResearch,
    title = {{The ARRIVE guidelines 2.0: Updated guidelines for reporting animal research}},
    year = {2020},
    journal = {BMC Veterinary Research},
    author = {Percie du Sert, Nathalie and Hurst, Viki and Ahluwalia, Amrita and Alam, Sabina and Avey, Marc T. and Baker, Monya and Browne, William J. and Clark, Alejandra and Cuthill, Innes C. and Dirnagl, Ulrich and Emerson, Michael and Garner, Paul and Holgate, Stephen T. and Howells, David W. and Karp, Natasha A. and Lazic, Stanley E. and Lidster, Katie and MacCallum, Catriona J. and Macleod, Malcolm and Pearl, Esther J. and Petersen, Ole H. and Rawle, Frances and Reynolds, Penny and Rooney, Kieron and Sena, Emily S. and Silberberg, Shai D. and Steckler, Thomas and W{\"{u}}rbel, Hanno},
    number = {1},
    month = {12},
    pages = {242},
    volume = {16},
    doi = {10.1186/s12917-020-02451-y},
    issn = {1746-6148}
}

@article{Vaidya2021TheFuture,
    title = {{The role of hydropower in South Asia’s energy future}},
    year = {2021},
    journal = {International Journal of Water Resources Development},
    author = {Vaidya, Ramesh Ananda and Molden, David James and Shrestha, Arun Bhakta and Wagle, Nisha and Tortajada, Cecilia},
    number = {3},
    month = {5},
    pages = {367--391},
    volume = {37},
    doi = {10.1080/07900627.2021.1875809},
    issn = {0790-0627}
}

@article{Brown2014UnderstandingResources,
    title = {{Understanding Barotrauma in Fish Passing Hydro Structures: A Global Strategy for Sustainable Development of Water Resources}},
    year = {2014},
    journal = {Fisheries},
    author = {Brown, Richard S. and Colotelo, Alison H. and Pflugrath, Brett D. and Boys, Craig A. and Baumgartner, Lee J. and Deng, Z. Daniel and Silva, Luiz G.M. and Brauner, Colin J. and Mallen-Cooper, Martin and Phonekhampeng, Oudom and Thorncraft, Garry and Singhanouvong, Douangkham},
    number = {3},
    month = {3},
    pages = {108--122},
    volume = {39},
    publisher = {Taylor {\&} Francis},
    url = {https://www.tandfonline.com/doi/abs/10.1080/03632415.2014.883570},
    doi = {10.1080/03632415.2014.883570},
    issn = {03632415}
}

@article{Brown2014UnderstandingResourcesb,
    title = {{Understanding Barotrauma in Fish Passing HydroStructures A Global Strategy for Sustainable Development of Water Resources}},
    year = {2014},
    journal = {Fisheries},
    author = {Brown, Richard S. and Colotelo, Alison H. and Pflugrath, Brett D. and Boys, Craig A. and Baumgartner, Lee J. and Deng, Z. Daniel and Silva, Luiz G.M. and Brauner, Colin J. and Mallen-Cooper, Martin and Phonekhampeng, Oudom and Thorncraft, Garry and Singhanouvong, Douangkham},
    number = {3},
    month = {3},
    pages = {108--122},
    volume = {39},
    doi = {10.1080/03632415.2014.883570},
    issn = {03632415}
}

@article{vanEsch2014ValidationStations,
    title = {{Validation of a model to predict fish passage mortality in pumping stations}},
    year = {2014},
    journal = {Canadian Journal of Fisheries and Aquatic Sciences},
    author = {van Esch, B.P.M. and Spierts, I.L.Y.},
    number = {12},
    month = {12},
    pages = {1910--1923},
    volume = {71},
    doi = {10.1139/cjfas-2014-0035},
    issn = {0706-652X}
}